
@book{DBDA2E,
    author    = "Kruschke, John K.",
    title     = "Doing Bayesian Data Analysis: A Tutorial with R, JAGS, and Stan",
    year      = "2015",
    publisher = "Academic Press / Elsevier",
    url       = "https://sites.google.com/site/doingbayesiandataanalysis",
    edition   = "2nd",
    note      = "ISBN 978-0124058880, 978-0124059160"
}

@Manual{JAGSmanual,
  title  = {JAGS manuals},
  author = {Martyn Plummer},
  year   = {2017},
  note   = {JAGS version 4.x},
  url    = {https://sourceforge.net/projects/mcmc-jags/files/Manuals/4.x/}
}